@techreport{CVI,
  title={Cisco Visual Networking Index: Forecast and Trends, 2017â€“2022},
  author={Cisco},
  year={2019},
  institution={Technical report, Cisco Systems Inc},
  url = {https://www.cisco.com/c/en/us/solutions/collateral/service-provider/visual-networking-index-vni/white-paper-c11-741490.html}
}
@inproceedings{inproceedings,
author = {Jabbar, Abdul and Rohrer, Justin and Oberthaler, Andrew and Cetinkaya, Egemen and Frost, Vs and Sterbenz, James},
year = {2009},
month = {04},
pages = {1143-1151},
title = {Performance Comparison of Weather Disruption-Tolerant Cross-Layer Routing Algorithms},
journal = {Proceedings - IEEE INFOCOM},
doi = {10.1109/INFCOM.2009.5062027}
}
@ARTICLE{6971137, 
author={D. {Micheli} and A. {Delfini} and F. {Santoni} and F. {Volpini} and M. {Marchetti}}, 
journal={IEEE Antennas and Wireless Propagation Letters}, 
title={Measurement of Electromagnetic Field Attenuation by Building Walls in the Mobile Phone and Satellite Navigation Frequency Bands}, 
year={2015}, 
volume={14}, 
number={}, 
pages={698-702}, 
keywords={electromagnetic shielding;electromagnetic wave attenuation;indoor radio;microwave antennas;mobile antennas;mobile handsets;network analysers;radio access networks;reinforced concrete;satellite antennas;satellite navigation;time-domain analysis;UHF antennas;electromagnetic field attenuation measurement;satellite navigation frequency band;EM wave attenuation;indoor radio coverage;wireless access network;resident population exposure;radio base station;RBS;mobile phone radio access network;RAN;portable vector network analyzer;VNA;Vivaldi antenna;Time-domain methods;errors reduce;EM building wall attenuation;Rome;Italy;reinforced concrete building;EM shielding effectiveness;SE;Antenna measurements;Concrete;Attenuation;Attenuation measurement;Time-domain analysis;Educational institutions;Building wall shielding effectiveness;GSM;LTE;mobile phone;satellite navigation systems;satellite phone;UMTS;WiFi electromagnetic field attenuation}, 
doi={10.1109/LAWP.2014.2376811}, 
ISSN={1536-1225}, 
month={},}

@misc{kismet,
  author = {{Kismet Wireless}},
  title = {Kismet},
  url = {https://www.kismetwireless.net},
}
@techreport{rfc1157,
   AUTHOR = "J. Case and  M. Fedor and M. Schoffstall and J. Davin",
   TITLE = "{A Simple Network Management Protocol (SNMP)}",
   HOWPUBLISHED = {Internet Requests for Comments},
   TYPE="{RFC}",
   NUMBER=1157,
   PAGES = {1-28},
   YEAR = {1190},
   MONTH = {05},
   ISSN = {2070-1721},
   PUBLISHER = "{RFC Editor}",
   INSTITUTION = "{RFC Editor}",
   URL={https://tools.ietf.org/html/rfc1157}
}

@article{tobagi1975packet,
  title={Packet switching in radio channels: Part II-The hidden terminal problem in carrier sense multiple-access and the busy-tone solution},
  author={Tobagi, Fouad and Kleinrock, Leonard},
  journal={IEEE Transactions on communications},
  volume={23},
  number={12},
  pages={1417--1433},
  year={1975},
  publisher={IEEE}
}

@article{ieee99,
  title={IEEE standard for Wireless LAN Medium Access Control (MAC) and Physical Layer (PHY) specifications},
  author={IEEE},
  year={1999},
  month={08}
}
@article{bianchi2000performance,
  title={Performance analysis of the IEEE 802.11 distributed coordination function},
  author={Bianchi, Giuseppe},
  journal={IEEE Journal on selected areas in communications},
  volume={18},
  number={3},
  pages={535--547},
  year={2000},
  publisher={IEEE}
}

@inproceedings{xylomenos1999tcp,
  title={TCP and UDP performance over a wireless LAN},
  author={Xylomenos, George and Polyzos, George C},
  booktitle={IEEE INFOCOM'99. Conference on Computer Communications. Proceedings. Eighteenth Annual Joint Conference of the IEEE Computer and Communications Societies. The Future is Now (Cat. No. 99CH36320)},
  volume={2},
  pages={439--446},
  year={1999},
  organization={IEEE}
}
@inproceedings{wu2002performance,
  title={Performance of reliable transport protocol over IEEE 802.11 wireless LAN: analysis and enhancement},
  author={Wu, Haitao and Peng, Yong and Long, Keping and Cheng, Shiduan and Ma, Jian},
  booktitle={Proceedings. Twenty-First Annual Joint Conference of the IEEE Computer and Communications Societies},
  volume={2},
  pages={599--607},
  year={2002},
  organization={IEEE}
}
@inproceedings{chatzimisios2004performance,
  title={Performance analysis of IEEE 802.11 DCF in presence of transmission errors},
  author={Chatzimisios, Periklis and Boucouvalas, Anthony C and Vitsas, Vasileios},
  booktitle={2004 IEEE International Conference on Communications (IEEE Cat. No. 04CH37577)},
  volume={7},
  pages={3854--3858},
  year={2004},
  organization={IEEE}
}
@article{xiao2005performance,
  title={Performance analysis of priority schemes for IEEE 802.11 and IEEE 802.11 e wireless LANs},
  author={Xiao, Yang},
  journal={IEEE transactions on wireless communications},
  volume={4},
  number={4},
  pages={1506--1515},
  year={2005},
  publisher={IEEE}
}

@article{ieee05,
  title={Part 11: Wireless LAN Medium Access Control (MAC) and Physical Layer (PHY) specifications
Amendment 8: Medium Access Control (MAC) Quality of Service Enhancements},
  author={IEEE},
  year={2005},
  month={11}
}
@inproceedings{mangold2002ieee,
  title={IEEE 802.11 e Wireless LAN for Quality of Service},
  author={Mangold, Stefan and Choi, Sunghyun and May, Peter and Klein, Ole and Hiertz, Guido and Stibor, Lothar},
  booktitle={Proc. European Wireless},
  volume={2},
  pages={32--39},
  year={2002}
}

@inproceedings{xiao2004performance,
  title={Performance analysis of IEEE 802.11 e EDCF under saturation condition},
  author={Xiao, Yang},
  booktitle={2004 IEEE International Conference on Communications (IEEE Cat. No. 04CH37577)},
  volume={1},
  pages={170--174},
  year={2004},
  organization={IEEE}
}
@article{skordoulis2008ieee,
  title={IEEE 802.11 n MAC frame aggregation mechanisms for next-generation high-throughput WLANs},
  author={Skordoulis, Dionysios and Ni, Qiang and Chen, Hsiao-Hwa and Stephens, Adrian P and Liu, Changwen and Jamalipour, Abbas},
  journal={IEEE Wireless Communications},
  volume={15},
  number={1},
  pages={40--47},
  year={2008},
  publisher={IEEE}
}

@misc{radiotap,
  title = {Radiotap},
  url = {https://www.radiotap.org},
}

@misc{unifi,
  author = {{Ubiquity}},
  title = {UniFi},
  url = {https://www.ui.com},
}

@misc{netspot,
  title = {NetSpot},
  url = {https://www.netspotapp.com},
}
@misc{inssider,
  title = {inSSIDer},
  url = {https://www.metageek.com/products/inssider/},
}

@techreport{rfc826,
  author = {David C. Plummer},
  title = {An Ethernet Address Resolution Protocol},
  howpublished = {Internet Requests for Comments},
  type = {RFC},
  number = 826,
  year = {1982},
  month = {11},
  url = {https://tools.ietf.org/html/rfc826},
}
@misc{pcap,
  title = {Pcap},
  url = {https://www.tcpdump.org},
}

@inproceedings{zanetti2010non,
  title={Non-invasive node detection in IEEE 802.11 wireless networks},
  author={Zanetti, Guido Piero and Palazzi, Claudio Enrico},
  booktitle={2010 IFIP Wireless Days},
  pages={1--5},
  year={2010},
  organization={IEEE}
}

@misc{graphviz,
title = {Graphviz},
url = {https://www.graphviz.org}
}

@misc{wireshark,
title= {Wireshark},
url = {https://www.wireshark.org}
}

@techreport{rfc6762,
  author = {S. Cheshire,  M. Krochmal},
  title = {Multicast DNS)},
  howpublished = {Internet Requests for Comments},
  type = {RFC},
  number = 6762,
  year = {2013},
  month = {02},
  url = {https://tools.ietf.org/html/rfc6762},
}
@techreport{rfc6763,
  author = {S. Cheshire,  M. Krochmal},
  title = {DNS-Based Service Discovery},
  howpublished = {Internet Requests for Comments},
  type = {RFC},
  number = 6763,
  year = {2013},
  month = {02},
  url = {https://tools.ietf.org/html/rfc6763},
}